
@article{core_nascent_2008,
	title = {Nascent {RNA} sequencing reveals widespread pausing and divergent initiation at human promoters},
	volume = {322},
	pages = {1845--1848},
	number = {5909},
	journaltitle = {Science (New York, N.Y.)},
	shortjournal = {Science},
	author = {Core, Leighton J. and Waterfall, Joshua J. and Lis, John T.},
	date = {2008-12-19}
}

@article{vihervaara_molecular_2018,
	title = {Molecular mechanisms driving transcriptional stress responses},
	volume = {19},
	pages = {385--397},
	number = {6},
	journaltitle = {Nature Reviews. Genetics},
	shortjournal = {Nat. Rev. Genet.},
	author = {Vihervaara, Anniina and Duarte, Fabiana M. and Lis, John T.},
	date = {2018}
}

@article{langmead_ultrafast_2009,
	title = {Ultrafast and memory-efficient alignment of short {DNA} sequences to the human genome},
	volume = {10},
	pages = {R25},
	number = {3},
	journaltitle = {Genome Biology},
	author = {Langmead, Ben and Trapnell, Cole and Pop, Mihai and Salzberg, Steven L.},
	date = {2009}
}

@article{tome_single-molecule_2018,
	title = {Single-molecule nascent {RNA} sequencing identifies regulatory domain architecture at promoters and enhancers},
	volume = {50},
	pages = {1533},
	number = {11},
	journaltitle = {Nature Genetics},
	author = {Tome, Jacob M. and Tippens, Nathaniel D. and Lis, John T.},
	date = {2018}
}

@article{andersson_unified_2015,
	title = {A unified architecture of transcriptional regulatory elements},
	volume = {31},
	pages = {426--433},
	number = {8},
	journaltitle = {Trends in genetics: {TIG}},
	shortjournal = {Trends Genet.},
	author = {Andersson, Robin and Sandelin, Albin and Danko, Charles G.},
	date = {2015}
}

@article{love_moderated_2014,
	title = {Moderated estimation of fold change and dispersion for {RNA}-seq data with {DESeq}2},
	volume = {15},
	pages = {550},
	number = {12},
	journaltitle = {Genome Biology},
	shortjournal = {Genome Biol.},
	author = {Love, Michael I. and Huber, Wolfgang and Anders, Simon},
	date = {2014}
}

@article{henriques_widespread_2018,
	title = {Widespread transcriptional pausing and elongation control at enhancers},
	volume = {32},
	pages = {26--41},
	number = {1},
	journaltitle = {Genes \& Development},
	shortjournal = {Genes Dev.},
	author = {Henriques, Telmo and Scruggs, Benjamin S. and Inouye, Michiko O. and Muse, Ginger W. and Williams, Lucy H. and Burkholder, Adam B. and Lavender, Christopher A. and Fargo, David C. and Adelman, Karen},
	date = {2018}
}

@article{vihervaara_transcriptional_2017,
	title = {Transcriptional response to stress is pre-wired by promoter and enhancer architecture},
	volume = {8},
	pages = {255},
	number = {1},
	journaltitle = {Nature Communications},
	shortjournal = {Nat Commun},
	author = {Vihervaara, Anniina and Mahat, Dig B. and Guertin, Michael J. and Chu, Tinyi and Danko, Charles G. and Lis, John T. and Sistonen, Lea},
	date = {2017}
}

@article{duarte_transcription_2016,
	title = {Transcription factors {GAF} and {HSF} act at distinct regulatory steps to modulate stress-induced gene activation},
	volume = {30},
	pages = {1731--1746},
	number = {15},
	journaltitle = {Genes \& Development},
	shortjournal = {Genes Dev.},
	author = {Duarte, Fabiana M. and Fuda, Nicholas J. and Mahat, Dig B. and Core, Leighton J. and Guertin, Michael J. and Lis, John T.},
	date = {2016}
}

@article{core_analysis_2014,
	title = {Analysis of nascent {RNA} identifies a unified architecture of initiation regions at mammalian promoters and enhancers},
	volume = {46},
	pages = {1311--1320},
	number = {12},
	journaltitle = {Nature Genetics},
	shortjournal = {Nat. Genet.},
	author = {Core, Leighton J. and Martins, André L. and Danko, Charles G. and Waters, Colin T. and Siepel, Adam and Lis, John T.},
	date = {2014}
}

@article{danko_signaling_2013,
	title = {Signaling pathways differentially affect {RNA} polymerase {II} initiation, pausing, and elongation rate in cells},
	volume = {50},
	pages = {212--222},
	number = {2},
	journaltitle = {Molecular Cell},
	shortjournal = {Mol. Cell},
	author = {Danko, Charles G. and Hah, Nasun and Luo, Xin and Martins, André L. and Core, Leighton and Lis, John T. and Siepel, Adam and Kraus, W. Lee},
	date = {2013}
}

@article{creyghton_histone_2010,
	title = {Histone H3K27ac separates active from poised enhancers and predicts developmental state},
	volume = {107},
	pages = {21931--21936},
	number = {50},
	journaltitle = {Proceedings of the National Academy of Sciences of the United States of America},
	shortjournal = {Proc. Natl. Acad. Sci. U.S.A.},
	author = {Creyghton, Menno P. and Cheng, Albert W. and Welstead, G. Grant and Kooistra, Tristan and Carey, Bryce W. and Steine, Eveline J. and Hanna, Jacob and Lodato, Michael A. and Frampton, Garrett M. and Sharp, Phillip A. and Boyer, Laurie A. and Young, Richard A. and Jaenisch, Rudolf},
	date = {2010}
}

@article{mikhaylichenko_degree_2018,
	title = {The degree of enhancer or promoter activity is reflected by the levels and directionality of {eRNA} transcription},
	volume = {32},
	pages = {42--57},
	number = {1},
	journaltitle = {Genes \& Development},
	shortjournal = {Genes Dev.},
	author = {Mikhaylichenko, Olga and Bondarenko, Vladyslav and Harnett, Dermot and Schor, Ignacio E. and Males, Matilda and Viales, Rebecca R. and Furlong, Eileen E. M.},
	date = {2018}
}

@article{langmead_fast_2012,
	title = {Fast gapped-read alignment with Bowtie 2},
	volume = {9},
	pages = {357--359},
	number = {4},
	journaltitle = {Nature Methods},
	shortjournal = {Nat. Methods},
	author = {Langmead, Ben and Salzberg, Steven L.},
	date = {2012}
}

@article{azofeifa_enhancer_2018,
	title = {Enhancer {RNA} profiling predicts transcription factor activity},
	journaltitle = {Genome Research},
	shortjournal = {Genome Res.},
	author = {Azofeifa, Joseph G. and Allen, Mary A. and Hendrix, Josephina R. and Read, Timothy and Rubin, Jonathan D. and Dowell, Robin D.},
	date = {2018}
}

@article{quinlan_bedtools:_2010,
	title = {{BEDTools}: a flexible suite of utilities for comparing genomic features},
	volume = {26},
	pages = {841--842},
	number = {6},
	journaltitle = {Bioinformatics (Oxford, England)},
	shortjournal = {Bioinformatics},
	author = {Quinlan, Aaron R. and Hall, Ira M.},
	date = {2010}
}

@article{ernst_discovery_2010,
	title = {Discovery and characterization of chromatin states for systematic annotation of the human genome},
	volume = {28},
	pages = {817--825},
	number = {8},
	journaltitle = {Nature Biotechnology},
	shortjournal = {Nat. Biotechnol.},
	author = {Ernst, Jason and Kellis, Manolis},
	date = {2010}
}

@article{kim_widespread_2010,
	title = {Widespread transcription at neuronal activity-regulated enhancers},
	volume = {465},
	pages = {182--187},
	number = {7295},
	journaltitle = {Nature},
	shortjournal = {Nature},
	author = {Kim, Tae-Kyung and Hemberg, Martin and Gray, Jesse M. and Costa, Allen M. and Bear, Daniel M. and Wu, Jing and Harmin, David A. and Laptewicz, Mike and Barbara-Haley, Kellie and Kuersten, Scott and Markenscoff-Papadimitriou, Eirene and Kuhl, Dietmar and Bito, Haruhiko and Worley, Paul F. and Kreiman, Gabriel and Greenberg, Michael E.},
	date = {2010}
}

@article{danko_identification_2015,
	title = {Identification of active transcriptional regulatory elements from {GRO}-seq data},
	volume = {12},
	pages = {433--438},
	number = {5},
	journaltitle = {Nature Methods},
	shortjournal = {Nat. Methods},
	author = {Danko, Charles G. and Hyland, Stephanie L. and Core, Leighton J. and Martins, André L. and Waters, Colin T. and Lee, Hyung Won and Cheung, Vivian G. and Kraus, W. Lee and Lis, John T. and Siepel, Adam},
	date = {2015}
}

@article{barboric_nf-b_2001,
	title = {{NF}-$\kappa$B binds P-{TEFb} to stimulate transcriptional elongation by {RNA} Polymerase {II}},
	volume = {8},
	pages = {327--337},
	number = {2},
	journaltitle = {Molecular Cell},
	shortjournal = {Molecular Cell},
	author = {Barboric, Matjaz and Nissen, Robert M. and Kanazawa, Satoshi and Jabrane-Ferrat, Nabila and Peterlin, B. Matija},
	date = {2001}
}

@article{jin_high-resolution_2013,
	title = {A high-resolution map of the three-dimensional chromatin interactome in human cells},
	volume = {503},
	pages = {290--294},
	number = {7475},
	journaltitle = {Nature},
	author = {Jin, Fulai and Li, Yan and Dixon, Jesse R. and Selvaraj, Siddarth and Ye, Zhen and Lee, Ah Young and Yen, Chia-An and Schmitt, Anthony D. and Espinoza, Celso A. and Ren, Bing},
	date = {2013}
}

@article{ghavi-helm_enhancer_2014,
	title = {Enhancer loops appear stable during development and are associated with paused polymerase},
	volume = {512},
	pages = {96--100},
	number = {7512},
	journaltitle = {Nature},
	author = {Ghavi-Helm, Yad and Klein, Felix A. and Pakozdi, Tibor and Ciglar, Lucia and Noordermeer, Daan and Huber, Wolfgang and Furlong, Eileen E. M.},
	date = {2014}
}

@article{ramirez_deeptools2_2016,
	title = {{deepTools}2: a next generation web server for deep-sequencing data analysis},
	volume = {44},
	journaltitle = {Nucleic Acids Research},
	shortjournal = {Nucleic Acids Res},
	author = {Ramírez, Fidel and Ryan, Devon P. and Grüning, Björn and Bhardwaj, Vivek and Kilpert, Fabian and Richter, Andreas S. and Heyne, Steffen and Dündar, Friederike and Manke, Thomas},
	date = {2016}
}

@book{wickham_ggplot2_2016,
	title = {ggplot2: Elegant graphics for data analysis},
	url = {https://ggplot2.tidyverse.org},
	author = {Wickham, H},
	date = {2016}
}

@article{dippolito_pre-established_2018,
	title = {Pre-established chromatin interactions mediate the genomic response to glucocorticoids},
	journaltitle = {Cell Systems},
	shortjournal = {Cell Syst},
	pages = {146--160},
	volume = {7},
	author = {D'Ippolito, Anthony M. and {McDowell}, Ian C. and Barrera, Alejandro and Hong, Linda K. and Leichter, Sarah M. and Bartelt, Luke C. and Vockley, Christopher M. and Majoros, William H. and Safi, Alexias and Song, Lingyun and Gersbach, Charles A. and Crawford, Gregory E. and Reddy, Timothy E.},
	date = {2018}
}

@article{gupte_glucocorticoid_2013,
	title = {Glucocorticoid receptor represses proinflammatory genes at distinct steps of the transcription cycle},
	volume = {110},
	pages = {14616--14621},
	number = {36},
	journaltitle = {Proceedings of the National Academy of Sciences of the United States of America},
	shortjournal = {Proc. Natl. Acad. Sci. U.S.A.},
	author = {Gupte, Rebecca and Muse, Ginger W. and Chinenov, Yurii and Adelman, Karen and Rogatsky, Inez},
	date = {2013}
}

@article{sacta_gene-specific_2018,
	title = {Gene-specific mechanisms direct glucocorticoid-receptor-driven repression of inflammatory response genes in macrophages},
	volume = {7},
	journaltitle = {{eLife}},
	shortjournal = {Elife},
	author = {Sacta, Maria A. and Tharmalingam, Bowranigan and Coppo, Maddalena and Rollins, David A. and Deochand, Dinesh K. and Benjamin, Bradley and Yu, Li and Zhang, Bin and Hu, Xiaoyu and Li, Rong and Chinenov, Yurii and Rogatsky, Inez},
	date = {2018}
}

@article{bunch_trim28_2014,
	title = {{TRIM}28 regulates {RNA} polymerase {II} promoter-proximal pausing and pause release},
	volume = {21},
	pages = {876--883},
	number = {10},
	journaltitle = {Nature Structural \& Molecular Biology},
	author = {Bunch, Heeyoun and Zheng, Xiaofeng and Burkholder, Adam and Dillon, Simon T. and Motola, Shmulik and Birrane, Gabriel and Ebmeier, Christopher C. and Levine, Stuart and Fargo, David and Hu, Guang and Taatjes, Dylan J. and Calderwood, Stuart K.},
	date = {2014}
}

@article{schoenfelder_long-range_2019,
	title = {Long-range enhancer–promoter contacts in gene expression control},
	volume = {20},
	pages = {437--455},
	number = {8},
	journaltitle = {Nature Reviews Genetics},
	author = {Schoenfelder, Stefan and Fraser, Peter},
	date = {2019}
}

@article{lettice_disruption_2002,
	title = {Disruption of a long-range cis-acting regulator for Shh causes preaxial polydactyly},
	volume = {99},
	pages = {7548--7553},
	number = {11},
	journaltitle = {Proceedings of the National Academy of Sciences},
	shortjournal = {{PNAS}},
	author = {Lettice, Laura A. and Horikoshi, Taizo and Heaney, Simon J. H. and Baren, Marijke J. van and Linde, Herma C. van der and Breedveld, Guido J. and Joosse, Marijke and Akarsu, Nurten and Oostra, Ben A. and Endo, Naoto and Shibata, Minoru and Suzuki, Mikio and Takahashi, Eiichi and Shinka, Toshikatsu and Nakahori, Yutaka and Ayusawa, Dai and Nakabayashi, Kazuhiko and Scherer, Stephen W. and Heutink, Peter and Hill, Robert E. and Noji, Sumihare},
	date = {2002-05-28}
}

@article{heintzman_distinct_2007,
	title = {Distinct and predictive chromatin signatures of transcriptional promoters and enhancers in the human genome},
	volume = {39},
	pages = {311--318},
	number = {3},
	journaltitle = {Nature Genetics},
	author = {Heintzman, Nathaniel D. and Stuart, Rhona K. and Hon, Gary and Fu, Yutao and Ching, Christina W. and Hawkins, R. David and Barrera, Leah O. and Calcar, Sara Van and Qu, Chunxu and Ching, Keith A. and Wang, Wei and Weng, Zhiping and Green, Roland D. and Crawford, Gregory E. and Ren, Bing},
	date = {2007-03}
}

@article{fulco_activity-by-contact_2019,
	title = {Activity-by-contact model of enhancer–promoter regulation from thousands of {CRISPR} perturbations},
	volume = {51},
	pages = {1664--1669},
	number = {12},
	journaltitle = {Nature Genetics},
	author = {Fulco, Charles P. and Nasser, Joseph and Jones, Thouis R. and Munson, Glen and Bergman, Drew T. and Subramanian, Vidya and Grossman, Sharon R. and Anyoha, Rockwell and Doughty, Benjamin R. and Patwardhan, Tejal A. and Nguyen, Tung H. and Kane, Michael and Perez, Elizabeth M. and Durand, Neva C. and Lareau, Caleb A. and Stamenova, Elena K. and Aiden, Erez Lieberman and Lander, Eric S. and Engreitz, Jesse M.},
	date = {2019-12}
}

@article{de_santa_large_2010,
	title = {A large fraction of extragenic {RNA} Pol {II} transcription sites overlap enhancers},
	volume = {8},
	pages = {e1000384},
	number = {5},
	journaltitle = {{PLOS} Biology},
	shortjournal = {{PLOS} Biology},
	author = {De Santa, Francesca and Barozzi, Iros and Mietton, Flore and Ghisletti, Serena and Polletti, Sara and Tusi, Betsabeh Khoramian and Muller, Heiko and Ragoussis, Jiannis and Wei, Chia-Lin and Natoli, Gioacchino},
	date = {2010-05-11}
}

@article{grossman_positional_2018,
	title = {Positional specificity of different transcription factor classes within enhancers},
	volume = {115},
	pages = {E7222--E7230},
	number = {30},
	journaltitle = {Proceedings of the National Academy of Sciences},
	shortjournal = {{PNAS}},
	author = {Grossman, Sharon R. and Engreitz, Jesse and Ray, John P. and Nguyen, Tung H. and Hacohen, Nir and Lander, Eric S.},
	date = {2018-07-24}
}

@article{mahat_mammalian_2016,
	title = {Mammalian heat shock response and mechanisms underlying its genome-wide transcriptional regulation},
	volume = {62},
	pages = {63--78},
	number = {1},
	journaltitle = {Molecular Cell},
	shortjournal = {Mol. Cell},
	author = {Mahat, Dig B. and Salamanca, H. Hans and Duarte, Fabiana M. and Danko, Charles G. and Lis, John T.},
	date = {2016}
}

@article{ray_chromatin_2019,
	title = {Chromatin conformation remains stable upon extensive transcriptional changes driven by heat shock},
	volume = {116},
	pages = {19431--19439},
	number = {39},
	journaltitle = {Proceedings of the National Academy of Sciences},
	shortjournal = {{PNAS}},
	author = {Ray, Judhajeet and Munn, Paul R. and Vihervaara, Anniina and Lewis, James J. and Ozer, Abdullah and Danko, Charles G. and Lis, John T.},
	date = {2019-09-24}
}

@article{wissink_nascent_2019,
	title = {Nascent {RNA} analyses: tracking transcription and its regulation},
	volume = {20},
	journaltitle = {Nature Reviews Genetics},
	author = {Wissink, Erin M. and Vihervaara, Anniina and Tippens, Nathaniel D. and Lis, John T.},
	date = {2019},
	pages = {705-723}
}

@article{biddie_transcription_2011,
	title = {Transcription factor {AP}1 potentiates chromatin accessibility and Glucocorticoid Receptor binding},
	volume = {43},
	pages = {145--155},
	number = {1},
	journaltitle = {Molecular Cell},
	shortjournal = {Molecular Cell},
	author = {Biddie, Simon C. and John, Sam and Sabo, Pete J. and Thurman, Robert E. and Johnson, Thomas A. and Schiltz, R. Louis and Miranda, Tina B. and Sung, Myong-Hee and Trump, Saskia and Lightman, Stafford L. and Vinson, Charles and Stamatoyannopoulos, John A. and Hager, Gordon L.},
	date = {2011}
}

@article{mcdowell_glucocorticoid_2018,
	title = {Glucocorticoid receptor recruits to enhancers and drives activation by motif-directed binding},
	volume = {28},
	pages = {1272--1284},
	number = {9},
	journaltitle = {Genome Research},
	shortjournal = {Genome Res.},
	author = {{McDowell}, Ian C. and Barrera, Alejandro and D'Ippolito, Anthony M. and Vockley, Christopher M. and Hong, Linda K. and Leichter, Sarah M. and Bartelt, Luke C. and Majoros, William H. and Song, Lingyun and Safi, Alexias and Koçak, D. Dewran and Gersbach, Charles A. and Hartemink, Alexander J. and Crawford, Gregory E. and Engelhardt, Barbara E. and Reddy, Timothy E.},
	date = {2018}
}

@article{grontved_cebp_2013,
	title = {C/{EBP} maintains chromatin accessibility in liver and facilitates glucocorticoid receptor recruitment to steroid response elements},
	volume = {32},
	pages = {1568--1583},
	number = {11},
	journaltitle = {The {EMBO} Journal},
	shortjournal = {The {EMBO} Journal},
	author = {Grøntved, Lars and John, Sam and Baek, Songjoon and Liu, Ying and Buckley, John R and Vinson, Charles and Aguilera, Greti and Hager, Gordon L},
	date = {2013}
}

@article{miranda_complex_2013,
	title = {Complex genomic interactions in the dynamic regulation of transcription by the glucocorticoid receptor},
	volume = {380},
	pages = {16--24},
	number = {1},
	journaltitle = {Molecular and Cellular Endocrinology},
	shortjournal = {Molecular and Cellular Endocrinology},
	author = {Miranda, Tina B. and Morris, Stephanie A. and Hager, Gordon L.},
	date = {2013}
}

@article{hoffman_brg1_2018,
	title = {{BRG}1 governs glucocorticoid receptor interactions with chromatin and pioneer factors across the genome},
	volume = {7},
	pages = {e35073},
	journaltitle = {{eLife}},
	author = {Hoffman, Jackson A and Trotter, Kevin W and Ward, James M and Archer, Trevor K},
	date = {2018-05-24}
}

@article{john_chromatin_2011,
	title = {Chromatin accessibility pre-determines glucocorticoid receptor binding patterns},
	volume = {43},
	pages = {264--268},
	number = {3},
	journaltitle = {Nature Genetics},
	author = {John, Sam and Sabo, Peter J. and Thurman, Robert E. and Sung, Myong-Hee and Biddie, Simon C. and Johnson, Thomas A. and Hager, Gordon L. and Stamatoyannopoulos, John A.},
	date = {2011-03}
}

@article{franco_immune_2019,
	title = {Immune regulation by glucocorticoids can be linked to cell type–dependent transcriptional responses},
	volume = {216},
	pages = {384--406},
	number = {2},
	journaltitle = {Journal of Experimental Medicine},
	shortjournal = {J Exp Med},
	author = {Franco, Luis M. and Gadkari, Manasi and Howe, Katherine N. and Sun, Jing and Kardava, Lela and Kumar, Parag and Kumari, Sangeeta and Hu, Zonghui and Fraser, Iain D. C. and Moir, Susan and Tsang, John S. and Germain, Ronald N.},
	date = {2019-02-04}
}

@article{love_role_2017,
	title = {Role of the chromatin landscape and sequence in determining cell type-specific genomic glucocorticoid receptor binding and gene regulation},
	volume = {45},
	pages = {1805--1819},
	number = {4},
	journaltitle = {Nucleic Acids Research},
	shortjournal = {Nucleic Acids Res},
	author = {Love, Michael I. and Huska, Matthew R. and Jurk, Marcel and Schöpflin, Robert and Starick, Stephan R. and Schwahn, Kevin and Cooper, Samantha B. and Yamamoto, Keith R. and Thomas-Chollier, Morgane and Vingron, Martin and Meijsing, Sebastiaan H.},
	date = {2017}
}

@article{thormann_genomic_2018,
	title = {Genomic dissection of enhancers uncovers principles of combinatorial regulation and cell type-specific wiring of enhancer–promoter contacts},
	volume = {46},
	pages = {2868--2882},
	number = {6},
	journaltitle = {Nucleic Acids Research},
	shortjournal = {Nucleic Acids Res},
	author = {Thormann, Verena and Rothkegel, Maika C. and Schöpflin, Robert and Glaser, Laura V. and Djuric, Petar and Li, Na and Chung, Ho-Ryun and Schwahn, Kevin and Vingron, Martin and Meijsing, Sebastiaan H.},
	date = {2018}
}

@article{starick_chip-exo_2015,
	title = {{ChIP}-exo signal associated with {DNA}-binding motifs provides insight into the genomic binding of the glucocorticoid receptor and cooperating transcription factors},
	volume = {25},
	pages = {825--835},
	number = {6},
	journaltitle = {Genome Research},
	shortjournal = {Genome Res.},
	author = {Starick, Stephan R. and Ibn-Salem, Jonas and Jurk, Marcel and Hernandez, Céline and Love, Michael I. and Chung, Ho-Ryun and Vingron, Martin and Thomas-Chollier, Morgane and Meijsing, Sebastiaan H.},
	date = {2015-06-01}
}

@article{weikum_glucocorticoid_2017,
	title = {Glucocorticoid receptor control of transcription: precision and plasticity via allostery},
	volume = {18},
	pages = {159--174},
	number = {3},
	journaltitle = {Nature Reviews Molecular Cell Biology},
	author = {Weikum, Emily R. and Knuesel, Matthew T. and Ortlund, Eric A. and Yamamoto, Keith R.},
	date = {2017}
}

@article{lupien_foxa1_2008,
	title = {{FoxA}1 translates epigenetic signatures into enhancer-driven lineage-specific transcription},
	volume = {132},
	pages = {958--970},
	number = {6},
	journaltitle = {Cell},
	shortjournal = {Cell},
	author = {Lupien, Mathieu and Eeckhoute, Jérôme and Meyer, Clifford A. and Wang, Qianben and Zhang, Yong and Li, Wei and Carroll, Jason S. and Liu, X. Shirley and Brown, Myles},
	date = {2008}
}

@article{belikov_foxa1_2009,
	title = {{FoxA}1 binding directs chromatin structure and the functional response of a Glucocorticoid Receptor-regulated promoter},
	volume = {29},
	pages = {5413--5425},
	number = {20},
	journaltitle = {Molecular and Cellular Biology},
	author = {Belikov, Sergey and Åstrand, Carolina and Wrange, Örjan},
	date = {2009}
}

@article{reddy_genomic_2009,
	title = {Genomic determination of the glucocorticoid response reveals unexpected mechanisms of gene regulation},
	volume = {19},
	pages = {2163--2171},
	number = {12},
	journaltitle = {Genome Research},
	shortjournal = {Genome Res.},
	author = {Reddy, Timothy E. and Pauli, Florencia and Sprouse, Rebekka O. and Neff, Norma F. and Newberry, Kimberly M. and Garabedian, Michael J. and Myers, Richard M.},
	date = {2009}
}

@article{gertz_distinct_2013,
	title = {Distinct properties of cell-type-specific and shared transcription factor binding sites},
	volume = {52},
	pages = {25--36},
	number = {1},
	journaltitle = {Molecular Cell},
	shortjournal = {Molecular Cell},
	author = {Gertz, Jason and Savic, Daniel and Varley, Katherine E. and Partridge, E. Christopher and Safi, Alexias and Jain, Preti and Cooper, Gregory M. and Reddy, Timothy E. and Crawford, Gregory E. and Myers, Richard M.},
	date = {2013}
}

@article{vockley_direct_2016,
	title = {Direct {GR} binding sites potentiate clusters of {TF} binding across the human genome},
	volume = {166},
	pages = {1269--1281.e19},
	number = {5},
	journaltitle = {Cell},
	shortjournal = {Cell},
	author = {Vockley, Christopher M. and D’Ippolito, Anthony M. and {McDowell}, Ian C. and Majoros, William H. and Safi, Alexias and Song, Lingyun and Crawford, Gregory E. and Reddy, Timothy E.},
	date = {2016}
}

@article{andersson_atlas_2014,
	title = {An atlas of active enhancers across human cell types and tissues},
	volume = {507},
	pages = {455--461},
	number = {7493},
	journaltitle = {Nature},
	shortjournal = {Nature},
	author = {Andersson, Robin and Gebhard, Claudia and Miguel-Escalada, Irene and Hoof, Ilka and Bornholdt, Jette and Boyd, Mette and Chen, Yun and Zhao, Xiaobei and Schmidl, Christian and Suzuki, Takahiro and Ntini, Evgenia and Arner, Erik and Valen, Eivind and Li, Kang and Schwarzfischer, Lucia and Glatz, Dagmar and Raithel, Johanna and Lilje, Berit and Rapin, Nicolas and Bagger, Frederik Otzen and Jørgensen, Mette and Andersen, Peter Refsing and Bertin, Nicolas and Rackham, Owen and Burroughs, A. Maxwell and Baillie, J. Kenneth and Ishizu, Yuri and Shimizu, Yuri and Furuhata, Erina and Maeda, Shiori and Negishi, Yutaka and Mungall, Christopher J. and Meehan, Terrence F. and Lassmann, Timo and Itoh, Masayoshi and Kawaji, Hideya and Kondo, Naoto and Kawai, Jun and Lennartsson, Andreas and Daub, Carsten O. and Heutink, Peter and Hume, David A. and Jensen, Torben Heick and Suzuki, Harukazu and Hayashizaki, Yoshihide and Müller, Ferenc and Forrest, Alistair R. R. and Carninci, Piero and Rehli, Michael and Sandelin, Albin},
	date = {2014}
}

@article{jubb_glucocorticoid_2017,
	title = {Glucocorticoid receptor binding induces rapid and prolonged large-scale chromatin decompaction at multiple target loci},
	volume = {21},
	pages = {3022--3031},
	number = {11},
	journaltitle = {Cell Reports},
	shortjournal = {Cell Reports},
	author = {Jubb, Alasdair W. and Boyle, Shelagh and Hume, David A. and Bickmore, Wendy A.},
	date = {2017}
}

@article{so_determinants_2007,
	title = {Determinants of cell- and gene-specific transcriptional regulation by the Glucocorticoid Receptor},
	volume = {3},
	pages = {e94},
	number = {6},
	journaltitle = {{PLOS} Genetics},
	shortjournal = {{PLOS} Genetics},
	author = {So, Alex Yick-Lun and Chaivorapol, Christina and Bolton, Eric C. and Li, Hao and Yamamoto, Keith R.},
	date = {2007}
}

@article{donaghey_genetic_2018,
	title = {Genetic determinants and epigenetic effects of pioneer-factor occupancy},
	volume = {50},
	pages = {250--258},
	number = {2},
	journaltitle = {Nature Genetics},
	shortjournal = {Nat. Genet.},
	author = {Donaghey, Julie and Thakurela, Sudhir and Charlton, Jocelyn and Chen, Jennifer S. and Smith, Zachary D. and Gu, Hongcang and Pop, Ramona and Clement, Kendell and Stamenova, Elena K. and Karnik, Rahul and Kelley, David R. and Gifford, Casey A. and Cacchiarelli, Davide and Rinn, John L. and Gnirke, Andreas and Ziller, Michael J. and Meissner, Alexander},
	date = {2018}
}

@article{encode_project_consortium_integrated_2012,
	title = {An integrated encyclopedia of {DNA} elements in the human genome},
	volume = {489},
	pages = {57--74},
	number = {7414},
	journaltitle = {Nature},
	shortjournal = {Nature},
	author = {{ENCODE Project Consortium}},
	date = {2012}
}

@article{davis_encyclopedia_2018,
	title = {The Encyclopedia of {DNA} elements ({ENCODE}): data portal update},
	volume = {46},
	pages = {D794--D801},
	issue = {D1},
	journaltitle = {Nucleic Acids Research},
	shortjournal = {Nucleic Acids Res.},
	author = {Davis, Carrie A. and Hitz, Benjamin C. and Sloan, Cricket A. and Chan, Esther T. and Davidson, Jean M. and Gabdank, Idan and Hilton, Jason A. and Jain, Kriti and Baymuradov, Ulugbek K. and Narayanan, Aditi K. and Onate, Kathrina C. and Graham, Keenan and Miyasato, Stuart R. and Dreszer, Timothy R. and Strattan, J. Seth and Jolanki, Otto and Tanaka, Forrest Y. and Cherry, J. Michael},
	date = {2018}
}

@article{kulakovskiy_hocomoco_2018,
	title = {{HOCOMOCO}: towards a complete collection of transcription factor binding models for human and mouse via large-scale {ChIP}-Seq analysis},
	volume = {46},
	pages = {D252--D259},
	issue = {D1},
	journaltitle = {Nucleic Acids Research},
	shortjournal = {Nucleic Acids Res},
	author = {Kulakovskiy, Ivan V. and Vorontsov, Ilya E. and Yevshin, Ivan S. and Sharipov, Ruslan N. and Fedorova, Alla D. and Rumynskiy, Eugene I. and Medvedeva, Yulia A. and Magana-Mora, Arturo and Bajic, Vladimir B. and Papatsenko, Dmitry A. and Kolpakov, Fedor A. and Makeev, Vsevolod J.},
	date = {2018}
}

@book{martins_bigwig_2014,
	title = {{bigWig}: R Interface to Query {UCSC} {BigWig} Files},
	author = {Martins, André L. and Kent},
	date = {2014}
}

@book{r_core_team_r_2019,
	title = {R: A Language and Environment for Statistical Computing},
	url = {https://www.R-project.org/},
	author = {{R Core Team}},
	date = {2019}
}

@article{wang_identification_2019,
	title = {Identification of regulatory elements from nascent transcription using {dREG}},
	volume = {29},
	pages = {293--303},
	number = {2},
	journaltitle = {Genome Research},
	shortjournal = {Genome Res.},
	author = {Wang, Zhong and Chu, Tinyi and Choate, Lauren A. and Danko, Charles G.},
	date = {2019}
}

@article{kent_bigwig_2010,
	title = {{BigWig} and {BigBed}: enabling browsing of large distributed datasets},
	volume = {26},
	pages = {2204--2207},
	number = {17},
	journaltitle = {Bioinformatics (Oxford, England)},
	shortjournal = {Bioinformatics},
	author = {Kent, W. J. and Zweig, A. S. and Barber, G. and Hinrichs, A. S. and Karolchik, D.},
	date = {2010}
}

@article{martin_cutadapt_2011,
	title = {Cutadapt removes adapter sequences from high-throughput sequencing reads},
	volume = {17},
	pages = {10--12},
	number = {1},
	journaltitle = {{EMBnet}.journal},
	author = {Martin, Marcel},
	date = {2011}
}

@article{lee_different_2018,
	title = {Different chromatin and {DNA} sequence characteristics define glucocorticoid receptor binding sites that are blocked or not blocked by coregulator Hic-5},
	volume = {13},
	pages = {e0196965},
	number = {5},
	journaltitle = {{PLOS} {ONE}},
	shortjournal = {{PLOS} {ONE}},
	author = {Lee, Brian H. and Stallcup, Michael R.},
	date = {2018}
}

@article{wang_reprogramming_2011,
	title = {Reprogramming transcription by distinct classes of enhancers functionally defined by {eRNA}},
	volume = {474},
	pages = {390--394},
	number = {7351},
	journaltitle = {Nature},
	shortjournal = {Nature},
	author = {Wang, Dong and Garcia-Bassets, Ivan and Benner, Chris and Li, Wenbo and Su, Xue and Zhou, Yiming and Qiu, Jinsong and Liu, Wen and Kaikkonen, Minna U. and Ohgi, Kenneth A. and Glass, Christopher K. and Rosenfeld, Michael G. and Fu, Xiang-Dong},
	date = {2011}
}

@article{ashe_intergenic_1997,
	title = {Intergenic transcription and transinduction of the human beta-globin locus},
	volume = {11},
	pages = {2494--2509},
	number = {19},
	journaltitle = {Genes \& Development},
	shortjournal = {Genes Dev.},
	author = {Ashe, H. L. and Monks, J. and Wijgerde, M. and Fraser, P. and Proudfoot, N. J.},
	date = {1997}
}

@article{escoubet-lozach_mechanisms_2011,
	title = {Mechanisms establishing {TLR}4-responsive activation states of inflammatory response genes},
	volume = {7},
	pages = {e1002401},
	number = {12},
	journaltitle = {{PLoS} genetics},
	shortjournal = {{PLoS} Genet.},
	author = {Escoubet-Lozach, Laure and Benner, Christopher and Kaikkonen, Minna U. and Lozach, Jean and Heinz, Sven and Spann, Nathan J. and Crotti, Andrea and Stender, Josh and Ghisletti, Serena and Reichart, Donna and Cheng, Christine S. and Luna, Rosa and Ludka, Colleen and Sasik, Roman and Garcia-Bassets, Ivan and Hoffmann, Alexander and Subramaniam, Shankar and Hardiman, Gary and Rosenfeld, Michael G. and Glass, Christopher K.},
	date = {2011}
}

@article{schmieder_quality_2011,
	title = {Quality control and preprocessing of metagenomic datasets},
	volume = {27},
	pages = {863--864},
	number = {6},
	journaltitle = {Bioinformatics (Oxford, England)},
	shortjournal = {Bioinformatics},
	author = {Schmieder, Robert and Edwards, Robert},
	date = {2011}
}

@article{scruggs_bidirectional_2015,
	title = {Bidirectional transcription arises from two distinct hubs of transcription factor binding and active chromatin},
	volume = {58},
	pages = {1101--1112},
	number = {6},
	journaltitle = {Molecular Cell},
	shortjournal = {Mol. Cell},
	author = {Scruggs, Benjamin S. and Gilchrist, Daniel A. and Nechaev, Sergei and Muse, Ginger W. and Burkholder, Adam and Fargo, David C. and Adelman, Karen},
	date = {2015}
}

@book{leach_barcode_2019,
	title = {Barcode Splitter, version 0.18.5 [Software]},
	url = {https://bitbucket.org/princeton_genomics/barcode_splitter},
	author = {Leach, Robert and Parsons, Lance},
	date = {2019}
}

@article{long_ever-changing_2016,
	title = {Ever-changing landscapes: Transcriptional enhancers in development and evolution},
	volume = {167},
	pages = {1170--1187},
	number = {5},
	journaltitle = {Cell},
	shortjournal = {Cell},
	author = {Long, Hannah K. and Prescott, Sara L. and Wysocka, Joanna},
	date = {2016}}

@article{zabidi_regulatory_2016,
	title = {Regulatory enhancer-core-promoter communication via transcription factors and cofactors},
	volume = {32},
	pages = {801--814},
	number = {12},
	journaltitle = {Trends in genetics: {TIG}},
	shortjournal = {Trends Genet.},
	author = {Zabidi, Muhammad A. and Stark, Alexander},
	date = {2016}
}

@article{mahat_base-pair-resolution_2016,
	title = {Base-pair-resolution genome-wide mapping of active {RNA} polymerases using precision nuclear run-on ({PRO}-seq)},
	volume = {11},
	pages = {1455--1476},
	number = {8},
	journaltitle = {Nature Protocols},
	shortjournal = {Nat. Protocols},
	author = {Mahat, Dig B. and Kwak, Hojoong and Booth, Gregory T. and Jonkers, Iris H. and Danko, Charles G. and Patel, Ravi K. and Waters, Colin T. and Munson, Katie and Core, Leighton J. and Lis, John T.},
	date = {2016-08}
}

@article{chen_incoherent_2013,
	title = {Incoherent feed-forward regulatory logic underpinning glucocorticoid receptor action},
	volume = {110},
	pages = {1964--1969},
	number = {5},
	journaltitle = {Proceedings of the National Academy of Sciences},
	shortjournal = {{PNAS}},
	author = {Chen, Sheng-hong and Masuno, Kiriko and Cooper, Samantha B. and Yamamoto, Keith R.},
	date = {2013}
}

@article{core_promoter-proximal_2019,
	title = {Promoter-proximal pausing of {RNA} polymerase {II}: a nexus of gene regulation},
	volume = {33},
	pages = {960--982},
	journaltitle = {Genes \& Development},
	shortjournal = {Genes Dev.},
	author = {Core, Leighton J. and Adelman, Karen},
	date = {2019}
}

@article{robinson_integrative_2011,
	title = {Integrative genomics viewer},
	volume = {29},
	pages = {24--26},
	number = {1},
	journaltitle = {Nature Biotechnology},
	author = {Robinson, James T. and Thorvaldsdóttir, Helga and Winckler, Wendy and Guttman, Mitchell and Lander, Eric S. and Getz, Gad and Mesirov, Jill P.},
	date = {2011}
}

@article{heinz_simple_2010,
	title = {Simple combinations of lineage-determining transcription factors prime cis-regulatory elements required for macrophage and B cell identities},
	volume = {38},
	pages = {576--589},
	number = {4},
	journaltitle = {Molecular Cell},
	shortjournal = {Mol. Cell},
	author = {Heinz, Sven and Benner, Christopher and Spann, Nathanael and Bertolino, Eric and Lin, Yin C. and Laslo, Peter and Cheng, Jason X. and Murre, Cornelis and Singh, Harinder and Glass, Christopher K.},
	date = {2010}
}

@article{haberle_eukaryotic_2018,
	title = {Eukaryotic core promoters and the functional basis of transcription initiation},
	volume = {19},
	pages = {621--637},
	number = {10},
	journaltitle = {Nature Reviews Molecular Cell Biology},
	author = {Haberle, Vanja and Stark, Alexander},
	date = {2018}
}

@article{wang_transcription_2018,
	title = {The transcription factor Runx3 establishes chromatin accessibility of cis-regulatory landscapes that drive memory cytotoxic T lymphocyte formation},
	volume = {48},
	pages = {659--674.e6},
	number = {4},
	journaltitle = {Immunity},
	shortjournal = {Immunity},
	author = {Wang, Dapeng and Diao, Huitian and Getzler, Adam J. and Rogal, Walter and Frederick, Megan A. and Milner, Justin and Yu, Bingfei and Crotty, Shane and Goldrath, Ananda W. and Pipkin, Matthew E.},
	date = {2018-04-17}
}

@article{veeken_natural_2019,
	title = {Natural genetic variation reveals key features of epigenetic and transcriptional memory in virus-specific {CD}8 T cells},
	volume = {50},
	pages = {1202--1217.e7},
	number = {5},
	journaltitle = {Immunity},
	shortjournal = {Immunity},
	author = {Veeken, Joris van der and Zhong, Yi and Sharma, Roshan and Mazutis, Linas and Dao, Phuong and Pe’er, Dana and Leslie, Christina S. and Rudensky, Alexander Y.},
	date = {2019}
}

@article{komori_regulation_2005,
	title = {Regulation of skeletal development by the Runx family of transcription factors},
	volume = {95},
	pages = {445--453},
	number = {3},
	journaltitle = {Journal of Cellular Biochemistry},
	author = {Komori, Toshihisa},
	date = {2005}
}

@article{lucero_cancer-related_2013,
	title = {The cancer-related transcription factor Runx2 modulates cell proliferation in human osteosarcoma cell lines},
	volume = {228},
	pages = {714--23},
	number = {4},
	journaltitle = {Journal of cellular physiology},
	shortjournal = {J Cell Physiol},
	author = {Lucero, Claudia M.J. and Vega, Oscar A. and Osorio, Mariana M. and Tapia, Julio C. and Antonelli, Marcelo and Stein, Gary S. and Van Wijnen, Andre J. and Galindo, Mario A.},
	date = {2013}
}

@article{lee_runx3_2019,
	title = {{RUNX}3 regulates cell cycle-dependent chromatin dynamics by functioning as a pioneer factor of the restriction-point},
	volume = {10},
	pages = {1897},
	number = {1},
	journaltitle = {Nature Communications},
	author = {Lee, Jung-Won and Kim, Da-Mi and Jang, Ju-Won and Park, Tae-Geun and Song, Soo-Hyun and Lee, You-Soub and Chi, Xin-Zi and Park, Il Yeong and Hyun, Jin-Won and Ito, Yoshiaki and Bae, Suk-Chul},
	date = {2019}
}

@article{barutcu_runx1_2016,
	title = {{RUNX}1 contributes to higher-order chromatin organization and gene regulation in breast cancer cells},
	volume = {1859},
	pages = {1389--1397},
	number = {11},
	journaltitle = {Biochimica Et Biophysica Acta},
	shortjournal = {Biochim Biophys Acta},
	author = {Barutcu, A. Rasim and Hong, Deli and Lajoie, Bryan R. and {McCord}, Rachel Patton and van Wijnen, Andre J. and Lian, Jane B. and Stein, Janet L. and Dekker, Job and Imbalzano, Anthony N. and Stein, Gary S.},
	date = {2016}
}

@article{vo_ngoc_identification_2020,
	title = {Identification of the human {DPR} core promoter element using machine learning},
	volume = {585},
	pages = {459--463},
	number = {7825},
	journaltitle = {Nature},
	shortjournal = {Nature},
	author = {Vo Ngoc, Long and Huang, Cassidy Yunjing and Cassidy, California Jack and Medrano, Claudia and Kadonaga, James T.},
	date = {2020}
}

@article{tippens_transcription_2020,
	title = {Transcription imparts architecture, function and logic to enhancer units},
	volume = {52},
	pages = {1067--1075},
	number = {10},
	journaltitle = {Nature Genetics},
	shortjournal = {Nat Genet},
	author = {Tippens, Nathaniel D. and Liang, Jin and Leung, Alden King-Yung and Wierbowski, Shayne D. and Ozer, Abdullah and Booth, James G. and Lis, John T. and Yu, Haiyuan},
	date = {2020}
}

@article{moore_expanded_2020,
	title = {Expanded encyclopaedias of {DNA} elements in the human and mouse genomes},
	volume = {583},
	pages = {699--710},
	number = {7818},
	journaltitle = {Nature},
	author = {Moore, Jill E. and Purcaro, Michael J. and Pratt, Henry E. and Epstein, Charles B. and Shoresh, Noam and Adrian, Jessika and Kawli, Trupti and Davis, Carrie A. and Dobin, Alexander and Kaul, Rajinder and Halow, Jessica and Van Nostrand, Eric L. and Freese, Peter and Gorkin, David U. and Shen, Yin and He, Yupeng and Mackiewicz, Mark and Pauli-Behn, Florencia and Williams, Brian A. and Mortazavi, Ali and Keller, Cheryl A. and Zhang, Xiao-Ou and Elhajjajy, Shaimae I. and Huey, Jack and Dickel, Diane E. and Snetkova, Valentina and Wei, Xintao and Wang, Xiaofeng and Rivera-Mulia, Juan Carlos and Rozowsky, Joel and Zhang, Jing and Chhetri, Surya B. and Zhang, Jialing and Victorsen, Alec and White, Kevin P. and Visel, Axel and Yeo, Gene W. and Burge, Christopher B. and Lécuyer, Eric and Gilbert, David M. and Dekker, Job and Rinn, John and Mendenhall, Eric M. and Ecker, Joseph R. and Kellis, Manolis and Klein, Robert J. and Noble, William S. and Kundaje, Anshul and Guigó, Roderic and Farnham, Peggy J. and Cherry, J. Michael and Myers, Richard M. and Ren, Bing and Graveley, Brenton R. and Gerstein, Mark B. and Pennacchio, Len A. and Snyder, Michael P. and Bernstein, Bradley E. and Wold, Barbara and Hardison, Ross C. and Gingeras, Thomas R. and Stamatoyannopoulos, John A. and Weng, Zhiping},
	date = {2020}
}

@article{chu_discovering_2019,
	title = {Discovering transcriptional regulatory elements From run-on and sequencing data using the web-based {dREG} Gateway},
	volume = {66},
	pages = {e70},
	number = {1},
	journaltitle = {Current Protocols in Bioinformatics},
	shortjournal = {Curr Protoc Bioinformatics},
	author = {Chu, Tinyi and Wang, Zhong and Chou, Shao-Pei and Danko, Charles G.},
	date = {2019}
}

@article{garcia_intrinsically_2021,
	title = {An intrinsically disordered region-mediated confinement state contributes to the dynamics and function of transcription factors},
	volume = {81},
	pages = {1484-1498.e6},
	number = {7},
	journaltitle = {Molecular Cell},
	shortjournal = {Mol Cell},
	author = {Garcia, David A. and Johnson, Thomas A. and Presman, Diego M. and Fettweis, Gregory and Wagh, Kaustubh and Rinaldi, Lorenzo and Stavreva, Diana A. and Paakinaho, Ville and Jensen, Rikke A. M. and Mandrup, Susanne and Upadhyaya, Arpita and Hager, Gordon L.},
	date = {2021}
}

@article{rogatsky_glucocorticoid_1997,
	title = {Glucocorticoid receptor-mediated cell cycle arrest is achieved through distinct cell-specific transcriptional regulatory mechanisms.},
	volume = {17},
	pages = {3181--3193},
	number = {6},
	journaltitle = {Molecular and Cellular Biology},
	shortjournal = {Mol Cell Biol},
	author = {Rogatsky, I and Trowbridge, J M and Garabedian, M J},
	date = {1997}
}

@article{afgan_galaxy_2018,
	title = {The Galaxy platform for accessible, reproducible and collaborative biomedical analyses: 2018 update},
	volume = {46},
	pages = {W537--W544},
	issue = {W1},
	journaltitle = {Nucleic Acids Research},
	shortjournal = {Nucleic Acids Research},
	author = {Afgan, Enis and Baker, Dannon and Batut, Bérénice and van den Beek, Marius and Bouvier, Dave and Čech, Martin and Chilton, John and Clements, Dave and Coraor, Nate and Grüning, Björn A and Guerler, Aysam and Hillman-Jackson, Jennifer and Hiltemann, Saskia and Jalili, Vahid and Rasche, Helena and Soranzo, Nicola and Goecks, Jeremy and Taylor, James and Nekrutenko, Anton and Blankenberg, Daniel},
	date = {2018}
}

@article{zhang_model-based_2008,
	title = {Model-based analysis of {ChIP}-Seq ({MACS})},
	volume = {9},
	pages = {R137},
	number = {9},
	journaltitle = {Genome Biology},
	shortjournal = {Genome Biol},
	author = {Zhang, Yong and Liu, Tao and Meyer, Clifford A. and Eeckhoute, Jérôme and Johnson, David S. and Bernstein, Bradley E. and Nusbaum, Chad and Myers, Richard M. and Brown, Myles and Li, Wei and Liu, X. Shirley},
	date = {2008}
}

@article{choi_evidence_2021,
	title = {Evidence for additive and synergistic action of mammalian enhancers during cell fate determination},
	volume = {10},
	pages = {e65381},
	journaltitle = {{eLife}},
	author = {Choi, Jinmi and Lysakovskaia, Kseniia and Stik, Gregoire and Demel, Carina and Söding, Johannes and Tian, Tian V and Graf, Thomas and Cramer, Patrick},
	date = {2021}
}

@article{rogatsky_factor_2001,
	title = {Factor recruitment and {TIF}2/{GRIP}1 corepressor activity at a collagenase-3 response element that mediates regulation by phorbol esters and hormones},
	volume = {20},
	pages = {6071--6083},
	number = {21},
	journaltitle = {The {EMBO} Journal},
	shortjournal = {{EMBO} J},
	author = {Rogatsky, Inez and Zarember, Kol A. and Yamamoto, Keith R.},
	date = {2001}
}

@article{chandler_dna_1983,
	title = {{DNA} sequences bound specifically by glucocorticoid receptor in vitro render a heterologous promoter hormone responsive in vivo},
	volume = {33},
	pages = {489--499},
	number = {2},
	journaltitle = {Cell},
	shortjournal = {Cell},
	author = {Chandler, V. L. and Maler, B. A. and Yamamoto, K. R.},
	date = {1983}
}

@article{andersson_determinants_2020,
	title = {Determinants of enhancer and promoter activities of regulatory elements},
	volume = {21},
	pages = {71--87},
	number = {2},
	journaltitle = {Nature Reviews Genetics},
	author = {Andersson, Robin and Sandelin, Albin},
	date = {2020}
}

@article{ehmsen_definition_2019,
	title = {Definition of alleles and altered regulatory motifs across Cas9-edited cell populations},
	doi = {10.1101/775361},
	journaltitle = {{bioRxiv}},
	author = {Ehmsen, Kirk T. and Knuesel, Matthew T. and Martinez, Delsy and Asahina, Masako and Aridomi, Haruna and Yamamoto, Keith R.},
	date = {2019}
}

@article{meijsing_mechanisms_2015,
	title = {Mechanisms of glucocorticoid-regulated gene transcription},
	volume = {872},
	pages = {59--81},
	journaltitle = {Advances in Experimental Medicine and Biology},
	shortjournal = {Adv Exp Med Biol},
	author = {Meijsing, Sebastiaan H.},
	date = {2015}
}